@article{Einstein1905SR,
  author  = {Albert Einstein},
  title   = {Zur Elektrodynamik bewegter Körper},
  journal = {Annalen der Physik},
  volume  = {322},
  number  = {10},
  pages   = {891--921},
  year    = {1905},
  doi     = {10.1002/andp.19053221004}
}
@article{Einstein1905PE,
    author  = {Albert Einstein},
    title   = {Über einen die Erzeugung und Verwandlung des Lichtes betreffenden heuristischen Gesichtspunkt},
    journal = {Annalen der Physik},
    volume  = {322},
    number  = {6},
    pages   = {132--148},
    year    = {1905},
    doi     = {10.1002/andp.19053220607}
}
@book{Dirac1930,
  author    = {Paul Adrien Maurice Dirac},
  title     = {The Principles of Quantum Mechanics},
  publisher = {Clarendon Press},
  year      = {1930},
  address   = {Oxford}
}
